@article{memarian2019exploring,
  title={Exploring C semantics and pointer provenance},
  author={Memarian, Kayvan and Gomes, Victor BF and Davis, Brooks and Kell, Stephen and Richardson, Alexander and Watson, Robert NM and Sewell, Peter},
  journal={Proceedings of the ACM on Programming Languages},
  volume={3},
  number={POPL},
  pages={1--32},
  year={2019},
  publisher={ACM New York, NY, USA}
}
@article{memarian2016into,
  title={Into the depths of C: elaborating the de facto standards},
  author={Memarian, Kayvan and Matthiesen, Justus and Lingard, James and Nienhuis, Kyndylan and Chisnall, David and Watson, Robert NM and Sewell, Peter},
  journal={ACM SIGPLAN Notices},
  volume={51},
  number={6},
  pages={1--15},
  year={2016},
  publisher={ACM New York, NY, USA}
}
@article{lee2018reconciling,
  title={Reconciling high-level optimizations and low-level code in LLVM},
  author={Lee, Juneyoung and Hur, Chung-Kil and Jung, Ralf and Liu, Zhengyang and Regehr, John and Lopes, Nuno P},
  journal={Proceedings of the ACM on Programming Languages},
  volume={2},
  number={OOPSLA},
  pages={1--28},
  year={2018},
  publisher={ACM New York, NY, USA}
}
@article{puente2017persistence,
  title={Persistence for the masses: RRB-vectors in a systems language},
  author={Puente, Juan Pedro Bol{\'\i}var},
  journal={Proceedings of the ACM on Programming Languages},
  volume={1},
  number={ICFP},
  pages={1--28},
  year={2017},
  publisher={ACM New York, NY, USA}
}
@article{kuznetsov2012efficient,
  title={Efficient state merging in symbolic execution},
  author={Kuznetsov, Volodymyr and Kinder, Johannes and Bucur, Stefan and Candea, George},
  journal={Acm Sigplan Notices},
  volume={47},
  number={6},
  pages={193--204},
  year={2012},
  publisher={ACM New York, NY, USA}
}
@inproceedings{coppa2017rethinking,
  title={Rethinking pointer reasoning in symbolic execution},
  author={Coppa, Emilio and D'Elia, Daniele Cono and Demetrescu, Camil},
  booktitle={2017 32nd IEEE/ACM International Conference on Automated Software Engineering (ASE)},
  pages={613--618},
  year={2017},
  organization={IEEE}
}
@article{essertel2019precise,
  title={Precise reasoning with structured time, structured heaps, and collective operations},
  author={Essertel, Gr{\'e}gory M and Wei, Guannan and Rompf, Tiark},
  journal={Proceedings of the ACM on Programming Languages},
  volume={3},
  number={OOPSLA},
  pages={1--30},
  year={2019},
  publisher={ACM New York, NY, USA}
}
@article{boyer1975select,
  title={SELECT—a formal system for testing and debugging programs by symbolic execution},
  author={Boyer, Robert S and Elspas, Bernard and Levitt, Karl N},
  journal={ACM SigPlan Notices},
  volume={10},
  number={6},
  pages={234--245},
  year={1975},
  publisher={ACM New York, NY, USA}
}
@article{howden1977symbolic,
  title={Symbolic testing and the DISSECT symbolic evaluation system},
  author={Howden, William E.},
  journal={IEEE Transactions on Software Engineering},
  number={4},
  pages={266--278},
  year={1977},
  publisher={IEEE}
}
@inproceedings{moura2008z3,
  title={Z3: An efficient SMT solver},
  author={Moura, Leonardo de and Bj{\o}rner, Nikolaj},
  booktitle={International conference on Tools and Algorithms for the Construction and Analysis of Systems},
  pages={337--340},
  year={2008},
  organization={Springer}
}
@article{king1975new,
  title={A new approach to program testing},
  author={King, James C},
  journal={ACM Sigplan Notices},
  volume={10},
  number={6},
  pages={228--233},
  year={1975},
  publisher={ACM New York, NY, USA}
}
@incollection{barrett2021satisfiability,
  title={Satisfiability modulo theories},
  author={Barrett, Clark and Sebastiani, Roberto and Seshia, Sanjit A and Tinelli, Cesare},
  booktitle={Handbook of satisfiability},
  pages={1267--1329},
  year={2021},
  publisher={IOS Press}
}
@article{king1976symbolic,
  title={Symbolic execution and program testing},
  author={King, James C},
  journal={Communications of the ACM},
  volume={19},
  number={7},
  pages={385--394},
  year={1976},
  publisher={ACM New York, NY, USA}
}
@inproceedings{cadar2008klee,
  title={Klee: unassisted and automatic generation of high-coverage tests for complex systems programs.},
  author={Cadar, Cristian and Dunbar, Daniel and Engler, Dawson R and others},
  booktitle={OSDI},
  volume={8},
  pages={209--224},
  year={2008}
}
@article{baldoni2018survey,
  title={A survey of symbolic execution techniques},
  author={Baldoni, Roberto and Coppa, Emilio and D’elia, Daniele Cono and Demetrescu, Camil and Finocchi, Irene},
  journal={ACM Computing Surveys (CSUR)},
  volume={51},
  number={3},
  pages={1--39},
  year={2018},
  publisher={ACM New York, NY, USA}
}
@inproceedings{godefroid2005dart,
  title={DART: Directed automated random testing},
  author={Godefroid, Patrice and Klarlund, Nils and Sen, Koushik},
  booktitle={Proceedings of the 2005 ACM SIGPLAN conference on Programming language design and implementation},
  pages={213--223},
  year={2005}
}
@article{sen2005cute,
  title={CUTE: A concolic unit testing engine for C},
  author={Sen, Koushik and Marinov, Darko and Agha, Gul},
  journal={ACM SIGSOFT Software Engineering Notes},
  volume={30},
  number={5},
  pages={263--272},
  year={2005},
  publisher={ACM New York, NY, USA}
}
@inproceedings{10.1145/1180405.1180445,
  author    = {Cristian Cadar and
               Vijay Ganesh and
               Peter M. Pawlowski and
               David L. Dill and
               Dawson R. Engler},
  title     = {{EXE:} automatically generating inputs of death},
  booktitle = {{CCS}},
  pages     = {322--335},
  publisher = {{ACM}},
  year      = {2006}
}
@online{CREST,
	Author = {Jacob Burnim},
	Howpublished = {\url{www.burn.im/crest/}},
	Title = {CREST: Concolic test generation tool for C},
	Year = {2014}}

@article{damian1999partial,
	Author = {Damian, Daniel},
	Journal = {Progress report, BRICS PhD School, University of Aarhus},
	Title = {Partial evaluation for program analysis},
	Year = {1999}}

@article{Futamura1971,
	Author = {Futamura, Yoshihiko},
	Journal = {Systems, Computers, Controls},
	Pages = {45--50},
	Title = {Partial evaluation of computation process-an approach to a compiler-compiler},
	Volume = {25},
	Year = {1971}}

@article{Futamura1999,
  author    = {Yoshihiko Futamura},
  title     = {Partial Evaluation of Computation Process - An Approach to a Compiler-Compiler},
  journal   = {High. Order Symb. Comput.},
  volume    = {12},
  number    = {4},
  pages     = {381--391},
  year      = {1999}
}
@inproceedings{DBLP:conf/pepm/TahaS97,
  author    = {Walid Taha and
               Tim Sheard},
  title     = {Multi-Stage Programming with Explicit Annotations},
  booktitle = {{PEPM}},
  pages     = {203--217},
  publisher = {{ACM}},
  year      = {1997}
}
@inproceedings{rompf2010lightweight,
  title={Lightweight modular staging: a pragmatic approach to runtime code generation and compiled DSLs},
  author={Rompf, Tiark and Odersky, Martin},
  booktitle={Proceedings of the ninth international conference on Generative programming and component engineering},
  pages={127--136},
  year={2010}
}
@article{chipounov2012s2e,
  title={The S2E platform: Design, implementation, and applications},
  author={Chipounov, Vitaly and Kuznetsov, Volodymyr and Candea, George},
  journal={ACM Transactions on Computer Systems (TOCS)},
  volume={30},
  number={1},
  pages={1--49},
  year={2012},
  publisher={ACM New York, NY, USA}
}
@online{coreutilsweb,
	Author = {Coreutils},
	Howpublished = {\url{www.gnu.org/software/coreutils}},
	Title = {Coreutils: GNU core utilities},
	Year = {2022}}
@online{uclibcweb,
	Author = {uClibc},
	Howpublished = {\url{www.uclibc.org}},
	Year = {2022}}